@article{cie1932commission,
  title={Commission internationale de l’eclairage proceedings, 1931},
  author={CIE, CUPC},
  journal={Cambridge University, Cambridge},
  year={1932}
}
@article{wright1929re,
  title={A re-determination of the trichromatic coefficients of the spectral colours},
  author={Wright, William David},
  journal={Transactions of the Optical Society},
  volume={30},
  number={4},
  pages={141},
  year={1929},
  publisher={IOP Publishing}
}
@article{guild1931colorimetric,
  title={The colorimetric properties of the spectrum},
  author={Guild, John},
  journal={Philosophical Transactions of the Royal Society of London. Series A, Containing Papers of a Mathematical or Physical Character},
  volume={230},
  number={681-693},
  pages={149--187},
  year={1931},
  publisher={The Royal Society London}
}
@article{stiles1959npl,
  title={NPL colour-matching investigation: final report (1958)},
  author={Stiles, Walter Stanley and Burch, Jennifer M},
  journal={Optica Acta: International Journal of Optics},
  volume={6},
  number={1},
  pages={1--26},
  year={1959},
  publisher={Taylor \& Francis}
}
@article{stiles1958average,
  title={The average colour-matching functions for a large matching field},
  author={Stiles, WS},
  journal={Visual problems of colour},
  volume={1},
  pages={209--247},
  year={1958},
  publisher={Her Majesty’s Stationery Office London}
}